
@string{UTA = "U. Téc. Amb."}

@article{MoranSalazar,
  author = {{Carla, Moran}},
  title = {{DESARROLLO DE UNA APLICACIÓN WEB DE GESTIÓN
ADMINISTRATIVA PARA LA COOPERATIVA DE TRANSPORTE
“EXPRESO MILAGRO” EN EL CANTÓN MILAGRO}},
  year = {2020},
  journal = {UNIVERSIDAD ESTATAL DE MILAGRO},
  key = {value},
}

@online{INEC,
  author = {INEC},
  title = {{Censo de Población y 2022}},
  year = {2022},
  url = {https://censoecuador.ecudatanalytics.com/},
  journal = {INEC},
  key = {value},
}

@misc{Propiedad_Horizontal,
  author = {Congreso Nacional},
  title = {{LEY DE PROPIEDAD HORIZONTAL, Art.11}},
  year = {2013},
  journal = {Registro Oficial},
  number = {2005-013},
}

@article{FajardoFlores,
  author = {{Fajardo, Azucena}, {Flores, María}},
  title = {{MODELO DE GESTIÓN ADMINISTRATIVO - FINANCIERA, PARA
EL CONJUNTO HABITACIONAL EL PORTAL DE LA VIÑA DE LA
CIUDAD DE AMBATO, PARA OPTIMIZAR LOS RECURSOS Y TOMA
DE DECISIONES}},
  year = {2013},
  journal = {ESCUELA SUPERIOR POLITÉCNICA DE CHIMBORAZO},
}

@article{Ortega,
  author = {{Ortega, Henrry}},
  title = {{ANÁLISIS, DISEÑO E IMPLEMENTACIÓN DE UNA APLICACIÓN WEB PARA LA ADMINISTRACIÓN DE UN CONDOMINIO, ADEMÁS DE UNA APLICACIÓN MÓVIL PARA EL ENVÍO DE NOTIFICACIONES}},
  year = {2017},
  journal = {UNIVERSIDAD POLITÉCNICA SALESIANA SEDE QUITO},
}

@online{ONU,
  author = {ONU},
  title = {{OBJETIVOS DE DESAROLLO SOSTENIBLE}},
  year = {2023},
  url = {https://www.un.org/sustainabledevelopment/es/economic-growth/},
  journal = {ONU},
}

@article{Tentua,
  author = {{Saputra, Nurirwan}, {Tentua, Meilany}},
  title = {{The Development of Web-Based Correspondence Information Systems in University Using Scrum}},
  year = {2021},
  journal = {Journal Of
Physics:Conference Serles},
}

@article{moscayzaSistemaWebPara,
  title = {{Sistema web para la gesti{\'o}n de presupuestos en el Edificio Condominio Aquamar S.A.C., 2018}},
  author = {Moscayza, Martinez and Alejandro, Teofilo},
  langid = {spanish},
  file = {C:\Users\kaise\Zotero\storage\NB5YWIUH\Moscayza y Alejandro - TESIS PARA OBTENER EL TÍTULO PROFESIONAL DE INGENI.pdf}
}

@thesis{ortegaAnalisisDisenoImplementacion2017,
  title = {{An{\'a}lisis, dise{\~n}o e implementaci{\'o}n de una aplicaci{\'o}n web para la administraci{\'o}n de un condominio, adem{\'a}s de una aplicaci{\'o}n m{\'o}vil para el env{\'i}o de notificaciones}},
  author = {Ortega, Henry and Tamayo, Ana},
  year = {2017},
  month = jul,
  langid = {spanish},
  school = {Universidad Politecnica Salesiana},
  file = {C:\Users\kaise\Zotero\storage\DJ38LDVC\UPS - ST003159.pdf}
}

@thesis{pintoSistemaGestionAdministrativo2017,
  title = {{Sistema de gesti{\'o}n administrativo para Condominio Puertas de Alcal{\'a}}},
  author = {Pinto, Sylvia and Fuentes, Alejandro},
  year = {2017},
  langid = {spanish},
  school = {Universidad del B{\'i}o-B{\'i}o},
  file = {C:\Users\kaise\Zotero\storage\8BDJH9UZ\Fuentes Velásquez, Alejandro Ignacio.pdf}
}

@thesis{moreiraDESARROLLOSISTEMAWEB2019,
  title = {{DESARROLLO DE UN SISTEMA WEB PARA EL FORTALECIMIENTO DE LOS PROCESOS DE GESTI{\'O}N ADMINISTRATIVA Y FINANCIERA DEL CONDOMINIO SOLAR DEL R{\'I}O DE LA CIUDAD DE IBARRA UTILIZANDO MICROSOFT AZURE CORONADO MOREIRA CRISTOPHER GEOVANNY 2019-04-09 PREGRADO INGENIERO EN SISTEMAS COMPUTACIONALES MSC. DIEGO TREJO}},
  author = {Moreira, Cristopher},
  year = {2019},
  month = apr,
  langid = {spanish},
  school = {Universidad Tecnica del Norte},
  file = {C:\Users\kaise\Zotero\storage\25SC2LKG\Moreira - DESARROLLO DE UN SISTEMA WEB PARA EL FORTALECIMIEN.pdf}
}

@thesis{ortegaPrototipoSistemaWeb2020,
  title = {{Prototipo de un sistema Web para la gesti{\'o}n de actividades e inconvenientes por medio de herramientas Open Source para el Condominio los Jardines.}},
  author = {Ortega, Antony},
  year = {2020},
  month = oct,
  langid = {spanish},
  school = {Universidad de Guayaquil},
  file = {C:\Users\kaise\Zotero\storage\3Y92CTFF\Ortega - INGENIERO EN SISTEMAS COMPUTACIONALES.pdf}
}

@thesis{castroReconocimientoFacialGeolocalizacion2023,
  title = {{Reconocimiento facial y geolocalizaci{\'o}n para el control de asistencias en una empresa de textiles - Piura 2023}},
  author = {Castro, Eder and Eche, Oscar},
  year = {2023},
  address = {{Lima - Peru}},
  langid = {spanish},
  school = {Universidad Cesar Vallejo},
  file = {C:\Users\kaise\Zotero\storage\UN5YSV5V\Fern et al. - TESIS PARA OBTENER EL TÍTULO PROFESIONAL DE Ingen.pdf}
}

@thesis{leonardoMejoraControlAsistencia2019,
  title = {{Mejora del control de asistencia de personal a trav{\'e}s de un sistema de informaci{\'o}n con reconocimiento facial geolocalizado en Agro Rural}},
  author = {Leonardo, Julio},
  year = {2019},
  address = {{Peru}},
  langid = {spanish},
  school = {Universidad Tecnologica del Peru},
  file = {C:\Users\kaise\Zotero\storage\9ZE974P2\Fiorella - valores y su constante motivación que me ha.pdf}
}


@thesis{lopezPROTOTIPOSOFTWAREWEB2020,
  title = {{PROTOTIPO DE SOFTWARE WEB PARA LA REALIZACI{\'O}N DE VOTACIONES}},
  author = {L{\'o}pez, Geyner and Sanchez, Hernandez},
  year = {2020},
  month = nov,
  langid = {spanish},
  school = {Universidad Distrital Francisco Jose de Caldas},
  file = {C:\Users\kaise\Zotero\storage\VEDSM4FH\Díaz y Hernández - PROTOTIPO DE SOFTWARE WEB PARA LA REALIZACIÓN DE V.pdf}
}

@thesis{nietoPrototipoAplicacionWeb2018,
  title = {{Prototipo de Aplicaci{\'o}n Web para la Sistematizaci{\'o}n del Proceso de Asamblea General de Copropietarios en Propiedad Horizontal Mediante Servicios SOAP}},
  author = {Nieto, Jeimmy and Prada, Leydy},
  year = {2018},
  month = may,
  langid = {spanish},
  school = {Universidad Distrital Francisco Jose de Caldas},
  file = {C:\Users\kaise\Zotero\storage\5RRD3T5T\Nieto y Cruz - PROTOTIPO DE APLICACIO´ N WEB PARA LA SISTEMATIZAC.pdf}
}

@thesis{izaDesarrolloERPPara2023,
  title = {{Desarrollo de un ERP para la empresa Siscom m{\'o}dulo: control de asistencia.}},
  author = {Iza, Jimmy and Rojas, Wilson},
  year = {2023},
  month = aug,
  address = {{Latacunga}},
  langid = {spanish},
  school = {Universidad T{\'e}cnica de Cotopaxi},
  file = {C:\Users\kaise\Zotero\storage\HAHVBTV5\PI002617.pdf}
}

@thesis{portugalSistemaInformacionPara2022,
  title = {Sistema de {{Informaci{\'o}n}} Para La {{Administraci{\'o}n}} de Los {{Servicios}} Que Se {{Presta}} a Los {{Propietarios}} Del {{Condominio Jardines}} de {{Aramburu}} 2, {{Lima}}, 2021},
  author = {Portugal, Yury},
  year = {2022},
  address = {{Peru}},
  school = {Universidad Privada Telesup},
  file = {C:\Users\kaise\Zotero\storage\XLU75KRI\PORTUGAL PEÑARANDA YURY ALEJANDRO.pdf}
}

@thesis{vernazaImplementacionAplicacionMovil2015,
  title = {{Implementaci{\'o}n de aplicaci{\'o}n m{\'o}vil para Android o IOS con realidad aumentada y geolocalizaci{\'o}n para asistencia y generaci{\'o}n de citas en veterinarias del sur de Guayaquil sincronizado con gestor de contenido web publicitario}},
  author = {Vernaza, Byron},
  year = {2015},
  address = {{Ecuador}},
  langid = {spanish},
  school = {Universidad de Guayaquil},
  file = {C:\Users\kaise\Zotero\storage\INSFCMIG\Sanchez - INGENIERO EN SISTEMAS COMPUTACIONALES.pdf}
}

@thesis{bravoSISTEMAINFORMACIONWEB2015,
  title = {{SISTEMA DE INFORMACION WEB PARA PROPIEDAD HORIZONTAL ``SIPHO''}},
  author = {Bravo, Luz and Orjuela, Laura and Bonilla, Elsy},
  year = {2015},
  langid = {spanish},
  school = {Corporaci{\'o}n Universitaria Minuto de Dios},
  file = {C:\Users\kaise\Zotero\storage\UFDQME6D\Castro - SISTEMA DE INFORMACION WEB PARA PROPIEDAD HORIZONT.pdf}
}

@thesis{montalvoDesarrolloSistemaSoftware2023,
  title = {{Desarrollo de un sistema software multiplataforma basado en un modelo de gesti{\'o}n administrativa enmarcado en la arquitectura REST y REDUX para la optimizaci{\'o}n de la administraci{\'o}n del conjunto habitacional "Oriental".}},
  author = {Montalvo, Alex and Paredes, David},
  year = {2023},
  month = jan,
  address = {{Latacunga}},
  langid = {spanish},
  school = {Universidad de las Fuerzas Armadas},
  file = {C:\Users\kaise\Zotero\storage\TU5RFSSB\T-ESPEL-SOF-0078.pdf}
}
@article{tam,
  author = {{Puello, Plinio} , {Del Campo, Valeria} and {Scholoborg, Francisco}},
  title = {Modelo de Aceptación Tecnológica (TAM) en el Laboratorio
de Física III basado en Internet de las Cosas en el Programa
de Ingeniería de Sistemas de la Universidad de Cartagena,
Colombia},
  journal = { Universidad de Cartagena},
  year = {2020},
}

@article{figma,
  author = {Martín, Rodgrigo and Ollé, German},
  title = {Agilizando los cambios de UI-UX sobre el ambiente productivo mediante Figma},
  journal = { Universidad Nacional de la Plata},
  year = {2020},
}


@article{islam_comparison_2020,
  title = {A Comparison between Agile and Traditional Software Development Methodologies},
  rights = {http://creativecommons.org/licenses/by/4.0/},
  issn = {09754172, 09754350},
  url = {https://computerresearch.org/index.php/computer/article/view/1987},
  doi = {10.34257/GJCSTCVOL20IS2PG7},
  abstract = {In this dissertation, I have described the characteristics of some traditional and agile methodologies that are widely used in software development. I have also discussed the strengths and weakness between the two opposing methodologies and provided the challenges associated with implementing agile processes in the software industry. This anecdotal evidence is rising regarding the effectiveness of agile methodologies in certain environments; but there have not been much collection and analysis of empirical evidence for agile projects. However, to support my dissertation I conducted a questionnaire, soliciting feedback from software industry practitioners to evaluate which methodology has a better success rate for different sizes of software development. According to our findings agile methodologies can provide good benefits for small scaled and medium scaled projects but for large scaled projects traditional methods seem dominant.},
  pages = {7--42},
  journal = {Global Journal of Computer Science and Technology},
  shortjournal = {{GJCST}},
  author = {Islam, A.K.M Zahidul and Ferworn, Dr. Alex},
  urldate = {2024-04-23},
  date = {2020-12-21},
  langid = {english},
  file = {Islam y Ferworn - 2020 - A Comparison between Agile and Traditional Softwar.pdf:C\:\\Users\\Capibara\\Zotero\\storage\\2LWLQ6K7\\Islam y Ferworn - 2020 - A Comparison between Agile and Traditional Softwar.pdf:application/pdf},
}


@thesis{barriga_sanchez_sistema_2023,
  location = {Ambato},
  title = {{SISTEMA} {DE} {GESTIÓN} {DE} {HISTORIAS} {CLÍNICAS} Y {TELEMEDICINA} {ORIENTADO} {AL} {DEPARTAMENTO} {MÉDICO} {GAD} {MUNICIPALIDAD} {DE} {AMBATO}},
  url = {https://repositorio.uta.edu.ec/jspui/bitstream/123456789/39584/1/t2401so.pdf},
  pagetotal = {143},
  school = {Universidad Técnica de Ambato},
  type = {thesis},
  author = {Barriga Sánchez, Ludwing José},
  date = {2023-08},
  langid = {spanish},
  file = {t2401so.pdf:C\:\\Users\\Capibara\\Zotero\\storage\\Z7N7PBMI\\t2401so.pdf:application/pdf},
}

@article{universitat_politecnica_de_valencia_universitat_2014,
  title = {Universitat Politècnica de València},
  volume = {18},
  issn = {1886-4996, 1134-2196},
  url = {http://polipapers.upv.es/index.php/IA/article/view/3293},
  doi = {10.4995/ia.2014.3293},
  abstract = {This graduate design project uses the Django framework as the backend, the Vue framework as the frontend and integrates Amap's High Amap module to achieve pet tracking functionality, providing medical records and alert services for pets. Using a {MySQL} database, it implements the storage, update and deletion of data in tables such as owner information, pet information, pet medical records and alert information.},
  pages = {ix},
  number = {1},
  journaltitle = {Ingeniería del agua},
  shortjournal = {ing.agua},
  author = {Universitat Politècnica De València, Editorial},
  urldate = {2024-04-23},
  date = {2014-09-29},
  langid = {spanish},
  file = {Universitat Politècnica De València - 2014 - Universitat Politècnica de València.pdf:C\:\\Users\\Capibara\\Zotero\\storage\\GIDPC8SX\\Universitat Politècnica De València - 2014 - Universitat Politècnica de València.pdf:application/pdf},
}

@article{wu_desarrollo_2014,
  title = {Desarrollo de una aplicación para el tracking de animales domésticos},
  volume = {18},
  issn = {1886-4996, 1134-2196},
  url = {http://polipapers.upv.es/index.php/IA/article/view/3293},
  doi = {10.4995/ia.2014.3293},
  abstract = {This graduate design project uses the Django framework as the backend, the Vue framework as the frontend and integrates Amap's High Amap module to achieve pet tracking functionality, providing medical records and alert services for pets. Using a {MySQL} database, it implements the storage, update and deletion of data in tables such as owner information, pet information, pet medical records and alert information.},
  pages = {ix},
  number = {1},
  journaltitle = {Ingeniería del agua},
  shortjournal = {ing.agua},
  author = {Wu, Liyu},
  urldate = {2024-04-23},
  date = {2014-09-29},
  langid = {spanish},
  file = {Universitat Politècnica De València - 2014 - Universitat Politècnica de València.pdf:C\:\\Users\\Capibara\\Zotero\\storage\\GIDPC8SX\\Universitat Politècnica De València - 2014 - Universitat Politècnica de València.pdf:application/pdf},
}


@article{ahmad_analysis_2023,
  title = {{ANALYSIS} {OF} {CROSS} {PLATFORM} {MOBILE} {APPLICATION} {DEVELOPMENT} {FRAMEWORKS}},
  url = {https://www.researchgate.net/profile/Marghoob-Ahmad/publication/372679769_ANALYSIS_OF_CROSS_PLATFORM_MOBILE_APPLICATION_DEVELOPMENT_FRAMEWORKS/links/64c2a96bcda2775c03c9e1d1/ANALYSIS-OF-CROSS-PLATFORM-MOBILE-APPLICATION-DEVELOPMENT-FRAMEWORKS.pdf},
  journaltitle = {{RIGA} {TECHNICAL} {UNIVERSITY}},
  author = {Ahmad, Marghoob},
  date = {2023},
  langid = {english},
  file = {Ahmad - RIGA TECHNICAL UNIVERSITY.pdf:C\:\\Users\\Capibara\\Zotero\\storage\\GVUPSTA5\\Ahmad - RIGA TECHNICAL UNIVERSITY.pdf:application/pdf},
}

@article{choma_efficiency_2023,
  title = {{THE} {EFFICIENCY} {AND} {RELIABILITY} {OF} {BACKEND} {TECHNOLOGIES}: {EXPRESS}, {DJANGO}, {AND} {SPRING} {BOOT}},
  volume = {13},
  rights = {https://creativecommons.org/licenses/by-sa/4.0},
  issn = {2391-6761, 2083-0157},
  url = {https://ph.pollub.pl/index.php/iapgos/article/view/4279},
  doi = {10.35784/iapgos.4279},
  shorttitle = {{THE} {EFFICIENCY} {AND} {RELIABILITY} {OF} {BACKEND} {TECHNOLOGIES}},
  abstract = {Increasing popularity of web applications has led to the development of many technologies that enable their production, both on the client and server side. This article attempts to compare three most popular server-side frameworks – Django, Spring Boot and Express. Each of the selected technologies is based on a different programming language. These frameworks were compared in terms of request processing time and reliability. Within the conducted research three backend applications handling {HTTP} requests were created, all of them using the same database consisting of employees’ data. Afterwards, a series of load tests was performed to determine levels of efficiency and reliability of created applications for various numbers of virtual users sending requests to the server at the same time. Five test cases with the following number of requests: 1000, 2000, 4000, 8000, and 16000 were planned and performed for each type of {HTTP} requests handled by the server simultaneously. Based on the obtained results, it was concluded that the Spring Boot framework was the best in terms of request processing time and high reliability. However, it was noted that for many test cases under extreme load, it had a significantly higher percentage of incorrectly processed requests compared to the Express application, even though the application was noticeably slower. The worst results were observed for Django because the test application created for this framework revealed the longest requests processing time and the highest error rate during processing requests out of the three tested applications. The performed studies helped to determine the efficiency and reliability of the tested technologies at various levels of load. Furthermore, the studies were crucial in obtaining knowledge about the evaluated frameworks as well as their properties and formulating conclusions that will be able to help the developers choose technologies before the implementation of their programming projects.},
  pages = {73--78},
  number = {4},
  journaltitle = {Informatyka, Automatyka, Pomiary w Gospodarce i Ochronie Środowiska},
  shortjournal = {{IAPGOS}},
  author = {Choma, Dominik and Chwaleba, Kinga and Dzieńkowski, Mariusz},
  urldate = {2024-04-25},
  date = {2023-12-20},
  langid = {english},
  file = {Choma et al. - 2023 - THE EFFICIENCY AND RELIABILITY OF BACKEND TECHNOLO.pdf:C\:\\Users\\Capibara\\Zotero\\storage\\LKRFF9N7\\Choma et al. - 2023 - THE EFFICIENCY AND RELIABILITY OF BACKEND TECHNOLO.pdf:application/pdf},
}

@online{ionic_geolocation,
    title = {Geolocation},
    author = {Ionic Framework},
    url = {https://ionicframework.com/docs/native/geolocation}
}


@online{poligons,
title = {API de Maps JavaScript},
  author = {Google},
  url = {https://developers.google.com/maps/documentation/javascript/reference/polygon?hl=es-419},
}


@article{zhang_design_2021,
  title = {Design and Implementation of Energy Management System Based on Spring Boot Framework},
  volume = {12},
  rights = {https://creativecommons.org/licenses/by/4.0/},
  issn = {2078-2489},
  url = {https://www.mdpi.com/2078-2489/12/11/457},
  doi = {10.3390/info12110457},
  abstract = {This paper designs and implements an energy management system based on the Spring Boot framework. The system mainly includes three layers, which are the data collection layer, the business logic layer, and the display interface layer from bottom to top. The data collection layer is based on the {RS}-485 electrical standard and the {MODBUS} communication protocol. The two protocols connect all energy consumption monitoring points into a mixed topology communication network in the enterprise. The programs in the data collection layer poll each energy consumption monitoring point in the network to collect the data and transmit to the business logic layer. The business logic layer is developed on the basis of the Spring Boot framework and mainly includes two parts: the {MySQL} database and Tomcat server. In the {MySQL} database, the stored data are horizontally split according to the time column and stored in different data tables. The split of data reduces the load of a single data table and improves the query performance of the database. The Tomcat server is built into the Spring Boot framework to provide a basic environment for system operation. The Spring Boot framework is the core component of the system. It is responsible for collecting, storing, and analyzing data from energy consumption monitoring points, receiving and processing data requests from the display interface layer. It also provides standard data interfaces to the external programs. The display interface layer is developed on the basis of the Vue framework and integrated into the Spring Boot framework. The display layer combines an open-source visualization chart library called {ECharts} to provide users with a fully functional and friendly human–computer interaction interface. Through the calculation of hardware and software costs, considering the personnel cost in different regions, the total cost of the energy management system can be estimated. The cost of construction was approximately 210,000 {USD} in this paper. Since the system was actually deployed in a manufacturing company in December 2019, it has been operating stably for more than 600 days.},
  pages = {457},
  number = {11},
  journaltitle = {Information},
  shortjournal = {Information},
  author = {Zhang, Fang and Sun, Guiling and Zheng, Bowen and Dong, Liang},
  urldate = {2024-04-25},
  date = {2021-11-04},
  langid = {english},
  file = {Zhang et al. - 2021 - Design and Implementation of Energy Management Sys.pdf:C\:\\Users\\Capibara\\Zotero\\storage\\IHLPGX3S\\Zhang et al. - 2021 - Design and Implementation of Energy Management Sys.pdf:application/pdf},
}


@article{lasluisa_evaluacion_2020,
  title = {Evaluación del desempeño en tiempos de respuesta para bases de datos {SQL}, {NoSQL} y {NewSQL}},
  abstract = {One of the biggest challenges in storing data today is the speed of transactions. There are different types of databases that can be used; relational ({SQL}), non-relational ({NoSQL}) and {NewSQL}. Each one of them can be more efficient, if compared in a specific case. This work proposes a comparative study of the performance of these databases, in the same environment, the tests are performed with the same load of writing and reading, depending on the response times of each database; we work with 7’657.800 data. The result shows that {MemSQL} Helios is more powerful, as there was a difference of 17 and 7 minutes compared to a {SQL} ({PostgreSQL}) and {NoSQL} ({MongoDB}) database respectively. Generally speaking, {MemSQL} Helios is defined as responding in milliseconds and {SQL} and {NoSQL} databases respond in seconds.},
  journaltitle = {{RISTI}},
  author = {Lasluisa, Katherine and Saltos, Miguel Alfredo Gaibor and Egas, Paúl Francisco Baldeón and Toasa, Renato M},
  date = {2020-11},
  langid = {spanish},
  file = {Lasluisa et al. - Evaluación del desempeño en tiempos de respuesta p.pdf:C\:\\Users\\Capibara\\Zotero\\storage\\WHCLPDIK\\Lasluisa et al. - Evaluación del desempeño en tiempos de respuesta p.pdf:application/pdf},
}


@thesis{leon_soberon_alisis_2020,
  location = {Peru},
  title = {{ANÁLISIS} {COMPARATIVO} {DE} {SISTEMAS} {GESTORES} {DE} {BASES} {DE} {DATOS} {POSTGRESQL} Y {MYSQL} {EN} {PROCESOS} {CRUD}},
  url = {https://repositorio.uss.edu.pe/bitstream/handle/20.500.12802/7012/Le%c3%b3n%20Sober%c3%b3n%20Jenner%20Jes%c3%bas.pdf?sequence=1&isAllowed=y},
  pagetotal = {128},
  school = {Universidad Señor de Sipán},
  type = {thesis},
  author = {León Soberón, Jenner Jesús},
  date = {2020},
  langid = {spanish},
  file = {León Soberón Jenner Jesús.pdf:C\:\\Users\\Capibara\\Zotero\\storage\\IZCKFIGM\\León Soberón Jenner Jesús.pdf:application/pdf},
}


@thesis{camino_costa_desarrollo_2012,
  location = {Valencia},
  title = {Desarrollo de una aplicación de realidad aumentada sobre Android para el apuntamiento de los nodos en el telescopio de neutrinos Antares},
  url = {https://riunet.upv.es/handle/10251/18444},
  school = {Universidad Politecnica de Valencia},
  type = {thesis},
  author = {Camino Costa, Oscar},
  date = {2012},
  langid = {spanish},
  file = {memoria.pdf:C\:\\Users\\Capibara\\Zotero\\storage\\VXN6PQCV\\memoria.pdf:application/pdf},
}

@thesis{bonilla_cadena_desarrollo_2022,
  location = {Riobamba},
  title = {Desarrollo de una plataforma web para recorridos virtuales 360° mediante la metodología {RAD}. Caso Grupo Inmobiliario Horizonte de la ciudad de Riobamba},
  school = {Universidad Nacional del Chimborazo},
  type = {thesis},
  author = {Bonilla Cadena, Jhoselyn Andrea},
  date = {2022},
  langid = {spanish},
  file = {Desarrollo de una plataforma web para recorridos virtuales 360° mediante la metodología RAD.pdf:C\:\\Users\\Capibara\\Zotero\\storage\\6V78LPWW\\Desarrollo de una plataforma web para recorridos virtuales 360° mediante la metodología RAD.pdf:application/pdf},
}


@article{tapia_leon_comparacion_2015,
  title = {Comparación de los {LMS} Moodle y {CourseSites} de Blackboard usando el modelo de aceptación tecnológica {TAM}},
  volume = {8},
  issn = {2528-7737},
  url = {https://www.redalyc.org/pdf/5826/582663856010.pdf},
  pages = {78--85},
  number = {16},
  journaltitle = {Revista Ciencia Unemi},
  author = {Tapia León, Mariela and Peñaherrera Larenas, Fabián and Cedillo Fajardo, Miguel},
  date = {2015-12},
  langid = {spanish},
  file = {582663856010.pdf:C\:\\Users\\Capibara\\Zotero\\storage\\QM4V5P6R\\582663856010.pdf:application/pdf},
}


@article{varela_modelo_2010,
  title = {Modelo de aceptación tecnológica ({TAM}): un estudio de la influencia de la cultura nacional y del perfil del usuario en el uso de las {TIC}},
  volume = {20},
  abstract = {The purpose of this study is to examine the influence of the national culture on users in the use of information and communications technologies ({ICTs}) at the Universidad Autónoma de Tamaulipas ({UAT}), using the Technological Acceptance Model ({TAM}) (Davis, 1989). This model measures two main variables of Perceived Usefulness and Perceived Ease of Use. 337 surveys were carried out among Professors/Administrators and 398 among Students at the Universidad Autónoma de Tamaulipas, one of northern Mexico’s most important public universities. The result was that, contrary to expectations, the relationship between national culture and the use of {ICTs} could not be proved; however, it was shown that students with cultural indicators for individualism tend towards greater use and acceptance of {ICTs}, and that among professors Monochronic/ Polychronic Time does influence the use and acceptance of {ICTs}. It also found that use and acceptance of {ICTs} among students changes according to what semester they are in, their previous education and vocational orientation. Finally, it was shown that in the case of the professors, their level of education, area of postgraduate studies, position, seniority and place of work are positively associated with the use of {ICTs}.},
  author = {Varela, Luis Antonio Yong and Tovar, Luis Arturo Rivas and Chaparro, Julián},
  date = {2010},
  langid = {spanish},
  file = {Varela et al. - 2010 - Modelo de aceptación tecnológica (TAM) un estudio.pdf:C\:\\Users\\Capibara\\Zotero\\storage\\ACRLAVRH\\Varela et al. - 2010 - Modelo de aceptación tecnológica (TAM) un estudio.pdf:application/pdf},
}


